@ARTICLE{2017Natur.551...75S,
   author = {{Smartt}, S.~J. and {Chen}, T.-W. and {Jerkstrand}, A. and {Coughlin}, M. and 
	{Kankare}, E. and {Sim}, S.~A. and {Fraser}, M. and {Inserra}, C. and 
	{Maguire}, K. and {Chambers}, K.~C. and {Huber}, M.~E. and {Kr{\"u}hler}, T. and 
	{Leloudas}, G. and {Magee}, M. and {Shingles}, L.~J. and {Smith}, K.~W. and 
	{Young}, D.~R. and {Tonry}, J. and {Kotak}, R. and {Gal-Yam}, A. and 
	{Lyman}, J.~D. and {Homan}, D.~S. and {Agliozzo}, C. and {Anderson}, J.~P. and 
	{Angus}, C.~R. and {Ashall}, C. and {Barbarino}, C. and {Bauer}, F.~E. and 
	{Berton}, M. and {Botticella}, M.~T. and {Bulla}, M. and {Bulger}, J. and 
	{Cannizzaro}, G. and {Cano}, Z. and {Cartier}, R. and {Cikota}, A. and 
	{Clark}, P. and {De Cia}, A. and {Della Valle}, M. and {Denneau}, L. and 
	{Dennefeld}, M. and {Dessart}, L. and {Dimitriadis}, G. and 
	{Elias-Rosa}, N. and {Firth}, R.~E. and {Flewelling}, H. and 
	{Fl{\"o}rs}, A. and {Franckowiak}, A. and {Frohmaier}, C. and 
	{Galbany}, L. and {Gonz{\'a}lez-Gait{\'a}n}, S. and {Greiner}, J. and 
	{Gromadzki}, M. and {Guelbenzu}, A.~N. and {Guti{\'e}rrez}, C.~P. and 
	{Hamanowicz}, A. and {Hanlon}, L. and {Harmanen}, J. and {Heintz}, K.~E. and 
	{Heinze}, A. and {Hernandez}, M.-S. and {Hodgkin}, S.~T. and 
	{Hook}, I.~M. and {Izzo}, L. and {James}, P.~A. and {Jonker}, P.~G. and 
	{Kerzendorf}, W.~E. and {Klose}, S. and {Kostrzewa-Rutkowska}, Z. and 
	{Kowalski}, M. and {Kromer}, M. and {Kuncarayakti}, H. and {Lawrence}, A. and 
	{Lowe}, T.~B. and {Magnier}, E.~A. and {Manulis}, I. and {Martin-Carrillo}, A. and 
	{Mattila}, S. and {McBrien}, O. and {M{\"u}ller}, A. and {Nordin}, J. and 
	{O'Neill}, D. and {Onori}, F. and {Palmerio}, J.~T. and {Pastorello}, A. and 
	{Patat}, F. and {Pignata}, G. and {Podsiadlowski}, P. and {Pumo}, M.~L. and 
	{Prentice}, S.~J. and {Rau}, A. and {Razza}, A. and {Rest}, A. and 
	{Reynolds}, T. and {Roy}, R. and {Ruiter}, A.~J. and {Rybicki}, K.~A. and 
	{Salmon}, L. and {Schady}, P. and {Schultz}, A.~S.~B. and {Schweyer}, T. and 
	{Seitenzahl}, I.~R. and {Smith}, M. and {Sollerman}, J. and 
	{Stalder}, B. and {Stubbs}, C.~W. and {Sullivan}, M. and {Szegedi}, H. and 
	{Taddia}, F. and {Taubenberger}, S. and {Terreran}, G. and {van Soelen}, B. and 
	{Vos}, J. and {Wainscoat}, R.~J. and {Walton}, N.~A. and {Waters}, C. and 
	{Weiland}, H. and {Willman}, M. and {Wiseman}, P. and {Wright}, D.~E. and 
	{Wyrzykowski}, {\L}. and {Yaron}, O.},
    title = "{A kilonova as the electromagnetic counterpart to a gravitational-wave source}",
  journal = {\nat},
archivePrefix = "arXiv",
   eprint = {1710.05841},
 primaryClass = "astro-ph.HE",
     year = 2017,
    month = nov,
   volume = 551,
    pages = {75-79},
      doi = {10.1038/nature24303},
   adsurl = {http://adsabs.harvard.edu/abs/2017Natur.551...75S},
  adsnote = {Provided by the SAO/NASA Astrophysics Data System}
}

@article{Bianco2011,
  author={F. B. Bianco and D. A. Howell and M. Sullivan and A. Conley and D. Kasen and S. GonzÃ¡lez-GaitÃ¡n and J. Guy and P. Astier and C.
Balland and R. G. Carlberg and D. Fouchez and N. Fourmanoit and D. Hardin and I. Hook and C. Lidman and R. Pain and N.
Palanque-Delabrouille and S. Perlmutter and K. M. Perrett and C. J. Pritchet and N. Regnault and J. Rich and V.
Ruhlmann-Kleider},
  title={Constraining Type Ia Supernovae Progenitors from Three Years of Supernova Legacy Survey Data},
  journal={The Astrophysical Journal},
  volume={741},
  number={1},
  pages={20},
  url={http://stacks.iop.org/0004-637X/741/i=1/a=20},
  year={2011},
  abstract={While it is generally accepted that Type Ia supernovae are the result of the explosion of a carbon-oxygen white dwarf accreting mass in a binary system, the details of their genesis still elude us, and the nature of the binary companion is uncertain. Kasen points out that the presence of a non-degenerate companion in the progenitor system could leave an observable trace: a flux excess in the early rise portion of the light curve caused by the ejecta impact with the companion itself. This excess would be observable only under favorable viewing angles, and its intensity depends on the nature of the companion. We searched for the signature of a non-degenerate companion in three years of Supernova Legacy Survey data by generating synthetic light curves accounting for the effects of shocking and comparing true and synthetic time series with Kolmogorov-Smirnov tests. Our most constraining result comes from noting that the shocking effect is more prominent in the rest-frame B than V band: we rule out a contribution from white dwarf-red giant binary systems to Type Ia supernova explosions greater than 10% at the 2Ï, and greater than 20% at the 3Ï level.}
}

@ARTICLE{2017ApJ...848L..27T,
   author = {{Tanvir}, N.~R. and {Levan}, A.~J. and {Gonz{\'a}lez-Fern{\'a}ndez}, C. and 
	{Korobkin}, O. and {Mandel}, I. and {Rosswog}, S. and {Hjorth}, J. and 
	{D'Avanzo}, P. and {Fruchter}, A.~S. and {Fryer}, C.~L. and 
	{Kangas}, T. and {Milvang-Jensen}, B. and {Rosetti}, S. and 
	{Steeghs}, D. and {Wollaeger}, R.~T. and {Cano}, Z. and {Copperwheat}, C.~M. and 
	{Covino}, S. and {D'Elia}, V. and {de Ugarte Postigo}, A. and 
	{Evans}, P.~A. and {Even}, W.~P. and {Fairhurst}, S. and {Figuera Jaimes}, R. and 
	{Fontes}, C.~J. and {Fujii}, Y.~I. and {Fynbo}, J.~P.~U. and 
	{Gompertz}, B.~P. and {Greiner}, J. and {Hodosan}, G. and {Irwin}, M.~J. and 
	{Jakobsson}, P. and {J{\o}rgensen}, U.~G. and {Kann}, D.~A. and 
	{Lyman}, J.~D. and {Malesani}, D. and {McMahon}, R.~G. and {Melandri}, A. and 
	{O'Brien}, P.~T. and {Osborne}, J.~P. and {Palazzi}, E. and 
	{Perley}, D.~A. and {Pian}, E. and {Piranomonte}, S. and {Rabus}, M. and 
	{Rol}, E. and {Rowlinson}, A. and {Schulze}, S. and {Sutton}, P. and 
	{Th{\"o}ne}, C.~C. and {Ulaczyk}, K. and {Watson}, D. and {Wiersema}, K. and 
	{Wijers}, R.~A.~M.~J.},
    title = "{The Emergence of a Lanthanide-rich Kilonova Following the Merger of Two Neutron Stars}",
  journal = {\apjl},
archivePrefix = "arXiv",
   eprint = {1710.05455},
 primaryClass = "astro-ph.HE",
 keywords = {gravitational waves, nuclear reactions, nucleosynthesis, abundances, stars: neutron},
     year = 2017,
    month = oct,
   volume = 848,
      eid = {L27},
    pages = {L27},
      doi = {10.3847/2041-8213/aa90b6},
   adsurl = {http://adsabs.harvard.edu/abs/2017ApJ...848L..27T},
  adsnote = {Provided by the SAO/NASA Astrophysics Data System}
}

@ARTICLE{2018MNRAS.475.3152K,
   author = {{Kleiser}, I.~K.~W. and {Kasen}, D. and {Duffell}, P.~C.},
    title = "{Models of bright nickel-free supernovae from stripped massive stars with circumstellar shells}",
  journal = {\mnras},
archivePrefix = "arXiv",
   eprint = {1801.01943},
 primaryClass = "astro-ph.HE",
 keywords = {binaries: general, circumstellar matter, stars: general, supernovae: general, supernovae: individual: SN 2010X, supernovae: individual: SN 2015U, supernovae: individual: SN 2002bj},
     year = 2018,
    month = apr,
   volume = 475,
    pages = {3152-3164},
      doi = {10.1093/mnras/stx3321},
   adsurl = {http://adsabs.harvard.edu/abs/2018MNRAS.475.3152K},
  adsnote = {Provided by the SAO/NASA Astrophysics Data System}
}

@ARTICLE{2011ApJ...742L..18A,
   author = {{Arcavi}, I. and {Gal-Yam}, A. and {Yaron}, O. and {Sternberg}, A. and 
	{Rabinak}, I. and {Waxman}, E. and {Kasliwal}, M.~M. and {Quimby}, R.~M. and 
	{Ofek}, E.~O. and {Horesh}, A. and {Kulkarni}, S.~R. and {Filippenko}, A.~V. and 
	{Silverman}, J.~M. and {Cenko}, S.~B. and {Li}, W. and {Bloom}, J.~S. and 
	{Sullivan}, M. and {Nugent}, P.~E. and {Poznanski}, D. and {Gorbikov}, E. and 
	{Fulton}, B.~J. and {Howell}, D.~A. and {Bersier}, D. and {Riou}, A. and 
	{Lamotte-Bailey}, S. and {Griga}, T. and {Cohen}, J.~G. and 
	{Hachinger}, S. and {Polishook}, D. and {Xu}, D. and {Ben-Ami}, S. and 
	{Manulis}, I. and {Walker}, E.~S. and {Maguire}, K. and {Pan}, Y.-C. and 
	{Matheson}, T. and {Mazzali}, P.~A. and {Pian}, E. and {Fox}, D.~B. and 
	{Gehrels}, N. and {Law}, N. and {James}, P. and {Marchant}, J.~M. and 
	{Smith}, R.~J. and {Mottram}, C.~J. and {Barnsley}, R.~M. and 
	{Kandrashoff}, M.~T. and {Clubb}, K.~I.},
    title = "{SN 2011dh: Discovery of a Type IIb Supernova from a Compact Progenitor in the Nearby Galaxy M51}",
  journal = {\apjl},
archivePrefix = "arXiv",
   eprint = {1106.3551},
 keywords = {supernovae: individual: PTF11eon/SN2011dh},
     year = 2011,
    month = dec,
   volume = 742,
      eid = {L18},
    pages = {L18},
      doi = {10.1088/2041-8205/742/2/L18},
   adsurl = {http://adsabs.harvard.edu/abs/2011ApJ...742L..18A},
  adsnote = {Provided by the SAO/NASA Astrophysics Data System}
}

@ARTICLE{1978ApJ...223L.109K,
   author = {{Klein}, R.~I. and {Chevalier}, R.~A.},
    title = "{X-ray bursts from Type II supernovae}",
  journal = {\apjl},
 keywords = {Astronomical Models, Computerized Simulation, Supernovae, X Ray Sources, Energy Spectra, Hydrodynamics, Shock Waves, Thermodynamic Equilibrium},
     year = 1978,
    month = aug,
   volume = 223,
    pages = {L109-L112},
      doi = {10.1086/182740},
   adsurl = {http://adsabs.harvard.edu/abs/1978ApJ...223L.109K},
  adsnote = {Provided by the SAO/NASA Astrophysics Data System}
}

@ARTICLE{2018Natur.554..497B,
   author = {{Bersten}, M.~C. and {Folatelli}, G. and {Garc{\'{\i}}a}, F. and 
	{van Dyk}, S.~D. and {Benvenuto}, O.~G. and {Orellana}, M. and 
	{Buso}, V. and {S{\'a}nchez}, J.~L. and {Tanaka}, M. and {Maeda}, K. and 
	{Filippenko}, A.~V. and {Zheng}, W. and {Brink}, T.~G. and {Cenko}, S.~B. and 
	{de Jaeger}, T. and {Kumar}, S. and {Moriya}, T.~J. and {Nomoto}, K. and 
	{Perley}, D.~A. and {Shivvers}, I. and {Smith}, N.},
    title = "{A surge of light at the birth of a supernova}",
  journal = {\nat},
archivePrefix = "arXiv",
   eprint = {1802.09360},
 primaryClass = "astro-ph.HE",
     year = 2018,
    month = feb,
   volume = 554,
    pages = {497-499},
      doi = {10.1038/nature25151},
   adsurl = {http://adsabs.harvard.edu/abs/2018Natur.554..497B},
  adsnote = {Provided by the SAO/NASA Astrophysics Data System}
}

@ARTICLE{2010MNRAS.409..846D,
   author = {{Darbha}, S. and {Metzger}, B.~D. and {Quataert}, E. and {Kasen}, D. and 
	{Nugent}, P. and {Thomas}, R.},
    title = "{Nickel-rich outflows produced by the accretion-induced collapse of white dwarfs: light curves and spectra}",
  journal = {\mnras},
archivePrefix = "arXiv",
   eprint = {1005.1081},
 primaryClass = "astro-ph.HE",
 keywords = {accretion, accretion discs, nuclear reactions, nucleosynthesis, abundances, supernovae: general},
     year = 2010,
    month = dec,
   volume = 409,
    pages = {846-854},
      doi = {10.1111/j.1365-2966.2010.17353.x},
   adsurl = {http://adsabs.harvard.edu/abs/2010MNRAS.409..846D},
  adsnote = {Provided by the SAO/NASA Astrophysics Data System}
}

@ARTICLE{2014ApJ...794...23D,
   author = {{Drout}, M.~R. and {Chornock}, R. and {Soderberg}, A.~M. and 
	{Sanders}, N.~E. and {McKinnon}, R. and {Rest}, A. and {Foley}, R.~J. and 
	{Milisavljevic}, D. and {Margutti}, R. and {Berger}, E. and 
	{Calkins}, M. and {Fong}, W. and {Gezari}, S. and {Huber}, M.~E. and 
	{Kankare}, E. and {Kirshner}, R.~P. and {Leibler}, C. and {Lunnan}, R. and 
	{Mattila}, S. and {Marion}, G.~H. and {Narayan}, G. and {Riess}, A.~G. and 
	{Roth}, K.~C. and {Scolnic}, D. and {Smartt}, S.~J. and {Tonry}, J.~L. and 
	{Burgett}, W.~S. and {Chambers}, K.~C. and {Hodapp}, K.~W. and 
	{Jedicke}, R. and {Kaiser}, N. and {Magnier}, E.~A. and {Metcalfe}, N. and 
	{Morgan}, J.~S. and {Price}, P.~A. and {Waters}, C.},
    title = "{Rapidly Evolving and Luminous Transients from Pan-STARRS1}",
  journal = {\apj},
archivePrefix = "arXiv",
   eprint = {1405.3668},
 primaryClass = "astro-ph.HE",
 keywords = {supernovae: general},
     year = 2014,
    month = oct,
   volume = 794,
      eid = {23},
    pages = {23},
      doi = {10.1088/0004-637X/794/1/23},
   adsurl = {http://adsabs.harvard.edu/abs/2014ApJ...794...23D},
  adsnote = {Provided by the SAO/NASA Astrophysics Data System}
}

@ARTICLE{2010ApJ...708.1025K,
   author = {{Kasen}, D.},
    title = "{Seeing the Collision of a Supernova with Its Companion Star}",
  journal = {\apj},
archivePrefix = "arXiv",
   eprint = {0909.0275},
 primaryClass = "astro-ph.HE",
 keywords = {binaries: general, supernovae: general, X-rays: bursts},
     year = 2010,
    month = jan,
   volume = 708,
    pages = {1025-1031},
      doi = {10.1088/0004-637X/708/2/1025},
   adsurl = {http://adsabs.harvard.edu/abs/2010ApJ...708.1025K},
  adsnote = {Provided by the SAO/NASA Astrophysics Data System}
}

@ARTICLE{2017ApJ...845L..11H,
   author = {{Hosseinzadeh}, G. and {Sand}, D.~J. and {Valenti}, S. and {Brown}, P. and 
	{Howell}, D.~A. and {McCully}, C. and {Kasen}, D. and {Arcavi}, I. and 
	{Azalee Bostroem}, K. and {Tartaglia}, L. and {Hsiao}, E.~Y. and 
	{Davis}, S. and {Shahbandeh}, M. and {Stritzinger}, M.~D.},
    title = "{Early Blue Excess from the Type Ia Supernova 2017cbv and Implications for Its Progenitor}",
  journal = {\apjl},
archivePrefix = "arXiv",
   eprint = {1706.08990},
 primaryClass = "astro-ph.HE",
 keywords = {supernovae: general, supernovae: individual: SN 2017cbv},
     year = 2017,
    month = aug,
   volume = 845,
      eid = {L11},
    pages = {L11},
      doi = {10.3847/2041-8213/aa8402},
   adsurl = {http://adsabs.harvard.edu/abs/2017ApJ...845L..11H},
  adsnote = {Provided by the SAO/NASA Astrophysics Data System}
}
@ARTICLE{COSEP,
   author = {{LSST Science Collaboration} and {Marshall}, P. and {Anguita}, T. and 
	{Bianco}, F.~B. and {Bellm}, E.~C. and {Brandt}, N. and {Clarkson}, W. and 
	{Connolly}, A. and {Gawiser}, E. and {Ivezic}, Z. and {Jones}, L. and 
	{Lochner}, M. and {Lund}, M.~B. and {Mahabal}, A. and {Nidever}, D. and 
	{Olsen}, K. and {Ridgway}, S. and {Rhodes}, J. and {Shemmer}, O. and 
	{Trilling}, D. and {Vivas}, K. and {Walkowicz}, L. and {Willman}, B. and 
	{Yoachim}, P. and {Anderson}, S. and {Antilogus}, P. and {Angus}, R. and 
	{Arcavi}, I. and {Awan}, H. and {Biswas}, R. and {Bell}, K.~J. and 
	{Bennett}, D. and {Britt}, C. and {Buzasi}, D. and {Casetti-Dinescu}, D.~I. and 
	{Chomiuk}, L. and {Claver}, C. and {Cook}, K. and {Davenport}, J. and 
	{Debattista}, V. and {Digel}, S. and {Doctor}, Z. and {Firth}, R.~E. and 
	{Foley}, R. and {Fong}, W.-f. and {Galbany}, L. and {Giampapa}, M. and 
	{Gizis}, J.~E. and {Graham}, M.~L. and {Grillmair}, C. and {Gris}, P. and 
	{Haiman}, Z. and {Hartigan}, P. and {Hawley}, S. and {Hlozek}, R. and 
	{Jha}, S.~W. and {Johns-Krull}, C. and {Kanbur}, S. and {Kalogera}, V. and 
	{Kashyap}, V. and {Kasliwal}, V. and {Kessler}, R. and {Kim}, A. and 
	{Kurczynski}, P. and {Lahav}, O. and {Liu}, M.~C. and {Malz}, A. and 
	{Margutti}, R. and {Matheson}, T. and {McEwen}, J.~D. and {McGehee}, P. and 
	{Meibom}, S. and {Meyers}, J. and {Monet}, D. and {Neilsen}, E. and 
	{Newman}, J. and {O'Dowd}, M. and {Peiris}, H.~V. and {Penny}, M.~T. and 
	{Peters}, C. and {Poleski}, R. and {Ponder}, K. and {Richards}, G. and 
	{Rho}, J. and {Rubin}, D. and {Schmidt}, S. and {Schuhmann}, R.~L. and 
	{Shporer}, A. and {Slater}, C. and {Smith}, N. and {Soares-Santos}, M. and 
	{Stassun}, K. and {Strader}, J. and {Strauss}, M. and {Street}, R. and 
	{Stubbs}, C. and {Sullivan}, M. and {Szkody}, P. and {Trimble}, V. and 
	{Tyson}, T. and {de Val-Borro}, M. and {Valenti}, S. and {Wagoner}, R. and 
	{Wood-Vasey}, W.~M. and {Zauderer}, B.~A.},
    title = "{Science-Driven Optimization of the LSST Observing Strategy}",
  journal = {ArXiv e-prints},
archivePrefix = "arXiv",
   eprint = {1708.04058},
 primaryClass = "astro-ph.IM",
 keywords = {Astrophysics - Instrumentation and Methods for Astrophysics, Astrophysics - Cosmology and Nongalactic Astrophysics, Astrophysics - Earth and Planetary Astrophysics, Astrophysics - Astrophysics of Galaxies, Astrophysics - Solar and Stellar Astrophysics},
     year = 2017,
    month = aug,
   adsurl = {http://adsabs.harvard.edu/abs/2017arXiv170804058L},
  adsnote = {Provided by the SAO/NASA Astrophysics Data System}
}
